<record><leader>00000cas a22000007a 4500</leader><controlfield tag="001">12045980</controlfield><controlfield tag="008">850517d18541860wiuwr ne      0    0eng c</controlfield><datafield ind1=" " ind2=" " tag="010"><subfield code="a">sn 85040611 </subfield></datafield><datafield ind1=" " ind2=" " tag="040"><subfield code="a">NPV</subfield><subfield code="b">eng</subfield><subfield code="c">NPV</subfield><subfield code="d">DLC</subfield><subfield code="d">MGN</subfield><subfield code="d">DLC</subfield><subfield code="d">OCLCQ</subfield><subfield code="d">OCLCF</subfield></datafield><datafield ind1="1" ind2=" " tag="029"><subfield code="a">AU@</subfield><subfield code="b">000025802826</subfield></datafield><datafield ind1=" " ind2=" " tag="042"><subfield code="a">pcc</subfield></datafield><datafield ind1=" " ind2=" " tag="043"><subfield code="a">n-us-wi</subfield></datafield><datafield ind1=" " ind2=" " tag="045"><subfield code="a">w5w6</subfield></datafield><datafield ind1="0" ind2="0" tag="050"><subfield code="a">Newspaper 10230</subfield></datafield><datafield ind1=" " ind2=" " tag="052"><subfield code="a">4123</subfield><subfield code="b">D5</subfield></datafield><datafield ind1="0" ind2="0" tag="245"><subfield code="a">Horicon Argus.</subfield></datafield><datafield ind1=" " ind2=" " tag="260"><subfield code="a">Horicon, Wis. :</subfield><subfield code="b">W.E. Croft,</subfield><subfield code="c">1854-1860.</subfield></datafield><datafield ind1=" " ind2=" " tag="300"><subfield code="a">7 v. :</subfield><subfield code="b">ill.</subfield></datafield><datafield ind1=" " ind2=" " tag="310"><subfield code="a">Weekly</subfield></datafield><datafield ind1="0" ind2=" " tag="362"><subfield code="a">Vol. 1, no. 1 (Sept. 7th, 1854)-v. 7, no. 36 (Nov. 30, 1860).</subfield></datafield><datafield ind1=" " ind2=" " tag="500"><subfield code="a">Democratic.</subfield></datafield><datafield ind1=" " ind2=" " tag="500"><subfield code="a">Editor: W.H. Butterfield, Sept. 1854-Sept. 1855; W.E. Croft, Sept. 1855-July 1856; J.P. Hobart, Aug. 1856-&lt;Mar. 1857&gt;; M.M. Pomeroy, &lt;Apr. 1857&gt;-Dec. 1858; C.D. Davis, Dec. 1858-Feb. 1859; A.J. Rising, Mar.-Sept. 1859; B.W. Curtis &amp; C.D. Davis, Oct. 1859-Feb. 1860; B.W. Curtis, Feb.-July 1860; J.C. Bunner, July-Nov. 1860.</subfield></datafield><datafield ind1=" " ind2=" " tag="530"><subfield code="a">Available on microfilm from The State Historical Society of Wisconsin.</subfield></datafield><datafield ind1=" " ind2="0" tag="651"><subfield code="a">Horicon (Wis.)</subfield><subfield code="v">Newspapers.</subfield></datafield><datafield ind1=" " ind2="7" tag="655"><subfield code="a">Newspapers.</subfield><subfield code="2">fast</subfield><subfield code="0">(OCoLC)fst01423814</subfield></datafield><datafield ind1=" " ind2="7" tag="651"><subfield code="a">Wisconsin</subfield><subfield code="z">Horicon.</subfield><subfield code="2">fast</subfield><subfield code="0">(OCoLC)fst01222685</subfield></datafield><datafield ind1=" " ind2=" " tag="752"><subfield code="a">United States</subfield><subfield code="b">Wisconsin</subfield><subfield code="c">Dodge</subfield><subfield code="d">Horicon.</subfield></datafield><datafield ind1="0" ind2="7" tag="785"><subfield code="t">Dodge County excelsior</subfield></datafield><datafield ind1="0" ind2="7" tag="785"><subfield code="t">Beaver Dam Argus</subfield><subfield code="w">(DLC)sn 85033037</subfield></datafield></record>